<?xml version="1.0" encoding="UTF-8"?>
<record xmlns="http://www.loc.gov/MARC21/slim">
   <leader>01254cam a2200253 a 4500</leader>
   <controlfield tag="001">798626</controlfield>
   <controlfield tag="003">NjP</controlfield>
   <controlfield tag="005">20171024102913.0</controlfield>
   <controlfield tag="008">930401s1903    mr            00010 ara d</controlfield>
   <datafield tag="024" ind1="7" ind2=" ">
      <subfield code="a">princeton_aco004460</subfield>
      <subfield code="2">local</subfield>
   </datafield>
   <datafield ind1=" " ind2=" " tag="035">
      <subfield code="a">(OCoLC)24085241</subfield>
   </datafield>
   <datafield ind1=" " ind2=" " tag="035">
      <subfield code="a">(CStRLIN)NJPG93-B18577</subfield>
   </datafield>
   <datafield ind1=" " ind2=" " tag="035">
      <subfield code="9">ADW5124TS</subfield>
   </datafield>
   <datafield ind1=" " ind2=" " tag="040">
      <subfield code="a">NjP</subfield>
      <subfield code="c">NjP</subfield>
   </datafield>
   <datafield ind1="2" ind2=" " tag="100">
      <subfield code="a">Ibn ʻAbbād, Muḥammad ibn Ibrāhīm,</subfield>
      <subfield code="d">1332 or 3-1390.</subfield>
      <subfield code="0">http://id.loc.gov/authorities/names/n88063068</subfield>
   </datafield>
   <datafield ind1="1" ind2="3" tag="245">
      <subfield code="a">al-Rasāʼil al-kubrá /</subfield>
      <subfield code="a">[Fez?] :</subfield>
      <subfield code="c">lil-ʻallāmah Muḥammad ibn ʻAbbād ; [bi-taṣḥīḥ Aḥmad ibn Muḥammad al-Mahdī ibn al-ʻAbbāsī ibn Jābir al-Bawaʻzāwī].260: :</subfield>
      <subfield code="b">Maṭbaʻat al-ʻArabī al-Arzaq,</subfield>
      <subfield code="c">1320 [1902 or 1903]</subfield>
   </datafield>
   <datafield ind1=" " ind2=" " tag="260">
      <subfield code="a">[Fez?] :</subfield>
      <subfield code="b">Maṭbaʻat al-ʻArabī al-Arzaq,</subfield>
      <subfield code="c">1320 [1902 or 1903]</subfield>
   </datafield>
   <datafield ind1=" " ind2=" " tag="300">
      <subfield code="a">262 p. ;</subfield>
      <subfield code="c">23 cm.</subfield>
   </datafield>
   <datafield ind1=" " ind2="0" tag="650">
      <subfield code="a">Sufism</subfield>
      <subfield code="x">Early works to 1800.</subfield>
      <subfield code="0">http://id.loc.gov/authorities/subjects/sh2008112367</subfield>
   </datafield>
   <datafield ind1=" " ind2="7" tag="655">
      <subfield code="a">Lithographs</subfield>
      <subfield code="z">Morocco</subfield>
      <subfield code="y">1902</subfield>
      <subfield code="2">gmgpc</subfield>
   </datafield>
   <datafield ind1="1" ind2=" " tag="700">
      <subfield code="a">Būʻazzāwī, Aḥmad ibn Muḥammad al-Mahdī.</subfield>
   </datafield>
   <datafield ind1="4" ind2=" " tag="856">
      <subfield code="u">http://hdl.handle.net/2027/njp.32101077781274</subfield>
   </datafield>
   <datafield ind1=" " ind2=" " tag="998">
      <subfield code="a">04/21/93</subfield>
      <subfield code="s">9114</subfield>
      <subfield code="n">NjP</subfield>
      <subfield code="w">NJPG93B18577</subfield>
      <subfield code="d">04/01/93</subfield>
      <subfield code="c">JAB</subfield>
      <subfield code="b">JEB</subfield>
      <subfield code="i">930421</subfield>
      <subfield code="l">NJPG</subfield>
   </datafield>
   <datafield ind1=" " ind2=" " tag="911">
      <subfield code="a">19930429</subfield>
   </datafield>
   <datafield ind1=" " ind2=" " tag="912">
      <subfield code="a">20000211040403.0</subfield>
   </datafield>
   <datafield ind1="8" ind2="0" tag="852">
      <subfield code="0">904038</subfield>
      <subfield code="b">f</subfield>
      <subfield code="t">1</subfield>
      <subfield code="h">2271.4022.3745</subfield>
   </datafield>
   <datafield ind1="8" ind2="0" tag="852">
      <subfield code="0">904039</subfield>
      <subfield code="b">rcppa</subfield>
      <subfield code="t">2</subfield>
      <subfield code="h">2271.4022.3745</subfield>
      <subfield code="x">tr fr f</subfield>
   </datafield>
   <datafield ind1="8" ind2=" " tag="852">
      <subfield code="0">8683926</subfield>
      <subfield code="b">elf1</subfield>
      <subfield code="h">Electronic Resource</subfield>
   </datafield>
   <datafield ind1=" " ind2=" " tag="959">
      <subfield code="a">2000-06-08 00:00:00 -0500</subfield>
   </datafield>
</record>
